@article{alias1,
   author = {Dang, Anthony},
   title = {Title1},
   journal = {Journal Title1},
   volume = {1},
   pages = {1-25},
   year = {2024},
   type = {Journal Article}
}

@article{alias2,
   author = {Dang, Anthony},
   title = {Title1},
   journal = {Journal Title1},
   volume = {1},
   pages = {1-25},
   year = {2024},
   type = {Journal Article}
}
