@online{alias2,
    author       = {Lastname, Firstname},
    title        = {Webpage article title},
    year         = {2024},
    url         = {https://medium.com/this-is-a-long-url-title-that-should-be-neatly-wrapped-over-to-the-next-line-and-not-overflow-off-the-page}, 
    urldate      = {2024-01-01}
}
