% https://www.bibtex.com/e/entry-types/

@book{ombudsman2024machinery,
    title = {Machinery of government changes and maladministration risks},
    url = {https://www.ombo.nsw.gov.au/__data/assets/pdf_file/0010/145000/Machinery-of-government-changes-and-maladministration-risks.pdf},
    author = {Ombudsman, N. S. W.},
    year = {2024},
    publisher = {NSW Governement, Australia},
    note = {Publication Title: In Focus},
}