

@InProceedings{dang2023toward,
  author    = {Dang, Anthony and Beydoun, Ghassan},
  booktitle = {Australasian Conference on Information Systems},
  title     = {Toward Addressing the Software Architecture Blind Spot of Information System Success Factors in the Public Health domain},
  year      = {2023},
}
